@inproceedings{manocha,
 author = {Varadhan, Gokul and Manocha, Dinesh},
 title = {Out-of-core rendering of massive geometric environments},
 booktitle = {VIS '02: Proceedings of the conference on Visualization '02},
 year = {2002},
 pages = {69--76},
 location = {Boston, Massachusetts},
 publisher = {IEEE Computer Society},
 address = {Washington, DC, USA},
 }

@inproceedings{humphreys,
 author = {Humphreys, Greg and Hanrahan, Pat},
 title = {A Distributed Graphics System for Large Tiled Displays},
 booktitle = {VISUALIZATION '99: Proceedings of the 10th IEEE Visualization 1999 Conference (VIS '99)},
 year = {1999},
 publisher = {IEEE Computer Society},
 address = {Washington, DC, USA},
 }

@INPROCEEDINGS{dpbp,
title={DPBP: a sort-first parallel rendering algorithm for distributed rendering environments},
author={Huabing Zhu and Kai Yun Chan and Lizhe Wang and Wentong Cai},
booktitle={Cyberworlds, 2003. Proceedings. 2003 International Conference on},
year={2003},
month={Dec.},
volume={},
number={},
pages={ 214-220},
keywords={ algorithm theory, distributed algorithms, distributed programming, parallel processing, rendering (computer graphics) DPBP, computational resources, data resources, dataset, distributed rendering, dynamic pixel bucket partition, multi-cluster, parallel rendering, real-time rendering, rendering performance, sort-first parallel rendering algorithm, visualization},
}

@inproceedings{wagner1,
 author = {Corr\^{e}a, {Wagner T.} and Klosowski, {James T.} and Silva, {Cl\'{a}udio T.}},
 title = {Out-of-core sort-first parallel rendering for cluster-based tiled displays},
 booktitle = {EGPGV '02: Proceedings of the Fourth Eurographics Workshop on Parallel Graphics and Visualization},
 year = {2002},
 pages = {89--96},
 location = {Blaubeuren, Germany},
 publisher = {Eurographics Association},
 address = {Aire-la-Ville, Switzerland, Switzerland},
 }
@inproceedings{samanta,
 author = {Samanta, Rudrajit and Funkhouser, Thomas and Li, Kai and Singh, {Jaswinder Pal}},
 title = {Hybrid sort-first and sort-last parallel rendering with a cluster of PCs},
 booktitle = {HWWS '00: Proceedings of the ACM SIGGRAPH/EUROGRAPHICS workshop on Graphics hardware},
 year = {2000},
 pages = {97--108},
 location = {Interlaken, Switzerland},
 publisher = {ACM},
 address = {New York, NY, USA},
 }

@inproceedings{baxter,
 author = {Baxter, {W. V.} and Sud, Avneesh and Govindaraju, {Naga K.} and Manocha, Dinesh},
 title = {GigaWalk: interactive walkthrough of complex environments},
 booktitle = {EGRW '02: Proceedings of the 13th Eurographics workshop on Rendering},
 year = {2002},
 pages = {203--214},
 location = {Pisa, Italy},
 publisher = {Eurographics Association},
 address = {Aire-la-Ville, Switzerland},
 }
@inproceedings{RehbergS99,
  author    = {Ulrich Rehberg and
               Klaus Schr{\"o}der},
  title     = {Almost Optimal Schedules with a Simple Protocol},
  booktitle = {ARCS Workshops},
  year      = {1999},
  pages     = {219-228},
}
@inproceedings{abraham,
 author = {Abraham, Frederico and Celes, Waldemar and Cerqueira, Renato and Campos, {Joao Luiz}},
 title = {A Load-Balancing Strategy for Sort-First Distributed Rendering},
 booktitle = {SIBGRAPI '04: Proceedings of the Computer Graphics and Image Processing, XVII Brazilian Symposium},
 year = {2004},
 pages = {292--299},
 publisher = {IEEE Computer Society},
 address = {Washington, DC, USA},
 }
@inproceedings{wagner2,
 author = {Corr\^{e}a, {Wagner T.} and Klosowski, {James T.} and Silva, {Cláudio T.}},
 title = {Visibility-Based Prefetching for Interactive Out-Of-Core Rendering},
 booktitle = {PVG '03: Proceedings of the 2003 IEEE Symposium on Parallel and Large-Data Visualization and Graphics},
 year = {2003},
 pages = {2},
 publisher = {IEEE Computer Society},
 address = {Washington, DC, USA},
 }
@inproceedings{gao,
 author = {Gao, Yu and Deng, Baosong and Wu, Lingda},
 title = {Efficient view-dependent out-of-core rendering of large-scale and complex scenes},
 booktitle = {VRCIA '06: Proceedings of the 2006 ACM international conference on Virtual reality continuum and its applications},
 year = {2006},
 pages = {297--303},
 location = {Hong Kong, China},
 publisher = {ACM},
 address = {New York, NY, USA},
 }
@inproceedings{klein,
 author = {Klein, Jan and Krokowski, Jens and Fischer, Matthias and Wand, Michael and Wanka, Rolf and {Meyer auf der Heide}, Friedhelm},
 title = {The randomized sample tree: a data structure for interactive walkthroughs in externally stored virtual environments},
 booktitle = {VRST '02: Proceedings of the ACM symposium on Virtual reality software and technology},
 year = {2002},
 pages = {137--146},
 location = {Hong Kong, China},
 publisher = {ACM},
 address = {New York, NY, USA},
 }
@inproceedings{wald,
 author = {Wald, Ingo and Dietrich, Andreas and Slusallek, Philipp},
 title = {An interactive out-of-core rendering framework for visualizing massively complex models},
 booktitle = {SIGGRAPH '05: ACM SIGGRAPH 2005 Courses},
 year = {2005},
 pages = {17},
 location = {Los Angeles, California},
 publisher = {ACM},
 address = {New York, NY, USA},
 }
@article{DBLP:journals/ijvr/YinJSZ06,
  author    = {Ping Yin and
               Xiaohong Jiang and
               Jiaoying Shi and
               Ran Zhou},
  title     = {Multi-screen Tiled Displayed, Parallel Rendering System
               for a Large Terrain Dataset},
  journal   = {IJVR},
  volume    = {5},
  number    = {4},
  year      = {2006},
  pages     = {47-54},
}
@article{molnar,
 author = {Molnar, Steven and Cox, Michael and Ellsworth, David and Fuchs, Henry},
 title = {A Sorting Classification of Parallel Rendering},
 journal = {IEEE Comput. Graph. Appl.},
 volume = {14},
 number = {4},
 year = {1994},
 pages = {23--32},
 publisher = {IEEE Computer Society Press},
 address = {Los Alamitos, CA, USA},
 }
@inproceedings{cave,
 author = {Cruz-Neira, Carolina and Sandin, Daniel J. and DeFanti, Thomas A.},
 title = {Surround-screen projection-based virtual reality: the design and implementation of the CAVE},
 booktitle = {SIGGRAPH '93: Proceedings of the 20th annual conference on Computer graphics and interactive techniques},
 year = {1993},
 pages = {135--142},
 location = {Anaheim, CA},
 publisher = {ACM},
 address = {New York, NY, USA},
 }
@article{hlod,
 author = {Clark, James H.},
 title = {Hierarchical geometric models for visible surface algorithms},
 journal = {Commun. ACM},
 volume = {19},
 number = {10},
 year = {1976},
 pages = {547--554},
 publisher = {ACM},
 address = {New York, NY, USA},
 }
@MISC{iwalk,
    author = {Corrêa, {Wagner T.} and Klosowski, {James T.} and Silva, {Cláudio T.}},
    title = {iWalk: Interactive Out-of-Core Rendering of Large Models},
    year = {2002}
}
@book{gpugems1,
  author = {Randima Fernando},
  title = {GPU gems},
  year = {2004},
  publisher = {Addision-Wesley},
  address = {Boston [u.a.]},
}
@book{gpugems2,
  author = {Matt Pharr},
  title = {GPU Gems 2},
  year = {2005},
  publisher = {Addison-Wesley},
  address = {Upper Saddle River, NJ},
}
@book{gpugems3,
  author = {Hubert Nguyen},
  title = {GPU Gems 3},
  year = {2008},
  publisher = {Addison-Wesley},
  address = {Upper Saddle River, NJ},
}
@book{RTR3,
 author = {{Akenine-M\"{o}ller}, Tomas and Haines, Eric and Hoffman, Natty},
 title = {Real-Time Rendering 3rd Edition},
 year = {2008},
 publisher = {A. K. Peters, Ltd.},
 address = {Natick, MA, USA},
 }
@book{cgtutorial,
 author = {Fernando, Randima and Kilgard, {Mark J.}},
 title = {The Cg Tutorial: The Definitive Guide to Programmable Real-Time Graphics},
 year = {2003},
 publisher = {Addison-Wesley Longman Publishing Co., Inc.},
 address = {Boston, MA, USA},
 }
@article{plp,
 author = {Klosowski, {James T.} and Silva, {Cl\'{a}udio T.}},
 title = {The Prioritized-Layered Projection Algorithm for Visible Set Estimation},
 journal = {IEEE Transactions on Visualization and Computer Graphics},
 volume = {6},
 number = {2},
 year = {2000},
 pages = {108--123},
 publisher = {IEEE Educational Activities Department},
 address = {Piscataway, NJ, USA},
 }
@inproceedings{ccol2,
 author = {Berenbrink, Petra and {Meyer auf der Heide}, Friedhelm and Schr\"{o}der, Klaus},
 title = {Allocating weighted jobs in parallel},
 booktitle = {SPAA '97: Proceedings of the ninth annual ACM symposium on Parallel algorithms and architectures},
 year = {1997},
 pages = {302--310},
 location = {Newport, Rhode Island, United States},
 publisher = {ACM},
 address = {New York, NY, USA},
 }
@inproceedings{ccol3,
 author = {Stemann, Volker},
 title = {Parallel balanced allocations},
 booktitle = {SPAA '96: Proceedings of the eighth annual ACM symposium on Parallel algorithms and architectures},
 year = {1996},
 pages = {261--269},
 location = {Padua, Italy},
 publisher = {ACM},
 address = {New York, NY, USA},
 }
@inproceedings{ccol4,
 author = {MacKenzie, {P. D.} and Plaxton, {C. G.} and Rajaraman, R.},
 title = {On contention resolution protocols and associated probabilistic phenomena},
 booktitle = {STOC '94: Proceedings of the twenty-sixth annual ACM symposium on Theory of computing},
 year = {1994},
 pages = {153--162},
 location = {Montreal, Quebec, Canada},
 publisher = {ACM},
 address = {New York, NY, USA},
 }
@ARTICLE{culling,
title={A survey of visibility for walkthrough applications},
author={{Cohen-Or}, Daniel and Chrysanthou, {Yiorgos L.} and Silva, {Claudio T.} and Durand, Fredo},
journal={Visualization and Computer Graphics, IEEE Transactions on},
year={2003},
month={July-Sept.},
volume={9},
number={3},
pages={ 412-431},
keywords={ computational geometry, rendering (computer graphics), visual perception interactive rendering, occlusion culling, point-based methods, visibility computations, visibility-culling, walkthrough systems},
}
@book{c++,
  author	= {Bjarne Stroustrup},
  title		= {{Die C++ Programmiersprache}},
  publisher	= {Addison-Wesley Verlag},
  year		= 2000,
  address	= {M{\"u}nchen},
  edition	= {4.},
}
@BOOKLET{wikioctree,
  title      = 	 {Wikipedia, the free encyclopedia},
  year = 2010,
  url = "http://de.wikipedia.org/wiki/Octree",
  lastchecked = "18.\,Jan.\,2010",
}
@BOOKLET{anteru,
  title      = 	 {Anteru's blog - Graphics, programming and software engineering},
  year = 2010,
  url = "http://anteru.net/2008/11/14/315/",
  lastchecked = "18.\,Jan.\,2010",
}
@BOOKLET{obj,
  key = "obj",
  editor = "{Wavefront Technologies}",
  title = "Object Files (.obj)",
  month = "",
  year = "",
  url = "http://local.wasp.uwa.edu.au/~pbourke/dataformats/obj/",
  lastchecked = "4.\,Feb.\,2010",
  note = {OBJ file format specification},
}
@BOOKLET{opengl,
  title      = 	 {OpenGL},
  year = 2010,
  url = "http://www.opengl.org",
  lastchecked = "18.\,Jan.\,2010",
}
@BOOKLET{cg,
  title      = 	 {nVidia Cg},
  year = 2010,
  url = "http://developer.nvidia.com/page/cg_main.html",
  lastchecked = "4.\,Feb.\,2010",
}
@BOOKLET{boost,
  title      = 	 {boost - C++ Libraries},
  year = 2010,
  url = "http://www.boost.org",
  lastchecked = "4.\,Feb.\,2010",
}
@BOOKLET{mpi,
  key = "mpi",
  editor = "{Open MPI Team}",
  title = "Open MPI: Open Source High Performance Computing",
  month = "",
  year = "",
  url = "http://www.open-mpi.org",
  lastchecked = "4.\,Feb.\,2010",
}
@BOOKLET{pc2,
  key = "pc2",
  editor = "{Paderbon Center for Parallel Computing}",
  title = "Arminius - Large Scale High Performance System",
  month = "",
  year = "",
  url = "http://pc2.uni-paderborn.de/hpc-systems-services/available-systems/arminius-cluster/",
  lastchecked = "4.\,Feb.\,2010",
  note = "Der Arminius-Cluster",
}
@book{medieninfo,
  author	= {Bruns, Kai and {Meyer-Wegener}, Klaus},
  title		= {{Taschenbuch der Medieninformatik}},
  publisher	= {Hanser Fachbuchverlag Leipzig},
  year		= 2005,
}